@misc{b채umer2024quantumfouriertransformusing,
      title={Quantum Fourier Transform using Dynamic Circuits}, 
      author={Elisa B채umer and Vinay Tripathi and Alireza Seif and Daniel Lidar and Derek S. Wang},
      year={2024},
      eprint={2403.09514},
      archivePrefix={arXiv},
      primaryClass={quant-ph},
      url={https://arxiv.org/abs/2403.09514}, 
}

@misc{b채umer2025approximatequantumfouriertransform,
      title={Approximate Quantum Fourier Transform in Logarithmic Depth on a Line}, 
      author={Elisa B채umer and David Sutter and Stefan Woerner},
      year={2025},
      eprint={2504.20832},
      archivePrefix={arXiv},
      primaryClass={quant-ph},
      url={https://arxiv.org/abs/2504.20832}, 
}

@misc{cleve2000fastparallelcircuitsquantum,
      title={Fast parallel circuits for the quantum Fourier transform}, 
      author={Richard Cleve and John Watrous},
      year={2000},
      eprint={quant-ph/0006004},
      archivePrefix={arXiv},
      primaryClass={quant-ph},
      url={https://arxiv.org/abs/quant-ph/0006004}, 
}

@misc{hales2002quantumfouriertransformextensions,
      title={The Quantum Fourier Transform and Extensions of the Abelian Hidden Subgroup Problem}, 
      author={Lisa R. Hales},
      year={2002},
      eprint={quant-ph/0212002},
      archivePrefix={arXiv},
      primaryClass={quant-ph},
      url={https://arxiv.org/abs/quant-ph/0212002}, 
}

@misc{coppersmith2002approximatefouriertransformuseful,
      title={An approximate Fourier transform useful in quantum factoring}, 
      author={D. Coppersmith},
      year={2002},
      eprint={quant-ph/0201067},
      archivePrefix={arXiv},
      primaryClass={quant-ph},
      url={https://arxiv.org/abs/quant-ph/0201067}, 
}

@book{nielsen00,
  added-at = {2010-06-22T17:54:31.000+0200},
  author = {Nielsen, Michael A. and Chuang, Isaac L.},
  biburl = {https://www.bibsonomy.org/bibtex/222bf6f3de23faf420214d738924ac21b/mcclung},
  interhash = {140ce4be72c2994b45286dbaa98d0bd3},
  intrahash = {22bf6f3de23faf420214d738924ac21b},
  keywords = {computing information quantum},
  publisher = {Cambridge University Press},
  timestamp = {2010-06-22T17:54:31.000+0200},
  title = {Quantum Computation and Quantum Information},
  year = 2000
}

@article{Holmes_2020,
   title={Impact of qubit connectivity on quantum algorithm performance},
   volume={5},
   ISSN={2058-9565},
   url={http://dx.doi.org/10.1088/2058-9565/ab73e0},
   DOI={10.1088/2058-9565/ab73e0},
   number={2},
   journal={Quantum Science and Technology},
   publisher={IOP Publishing},
   author={Holmes, Adam and Johri, Sonika and Guerreschi, Gian Giacomo and Clarke, James S and Matsuura, A Y},
   year={2020},
   month=mar, pages={025009} }

@misc{kahanamokumeyer2025logdepthinplacequantumfourier,
      title={A log-depth in-place quantum Fourier transform that rarely needs ancillas}, 
      author={Gregory D. Kahanamoku-Meyer and John Blue and Thiago Bergamaschi and Craig Gidney and Isaac L. Chuang},
      year={2025},
      eprint={2505.00701},
      archivePrefix={arXiv},
      primaryClass={quant-ph},
      url={https://arxiv.org/abs/2505.00701}, 
}

















